@article{gerlach2016similarity,
  title={Similarity of symbol frequency distributions with heavy tails},
  author={Gerlach, Martin and Font-Clos, Francesc and Altmann, Eduardo G},
  journal={Physical Review X},
  volume={6},
  number={2},
  pages={021009},
  year={2016},
  publisher={APS}
}

@incollection{rokach2005clustering,
  title={Clustering methods},
  author={Rokach, Lior and Maimon, Oded},
  booktitle={Data mining and knowledge discovery handbook},
  pages={321--352},
  year={2005},
  publisher={Springer}
}

@article{dias2017using,
  title={Using text analysis to quantify the similarity and evolution of scientific disciplines},
  author={Dias, Laercio and Gerlach, Martin and Scharloth, Joachim and Altmann, Eduardo G},
  journal={arXiv preprint arXiv:1706.08671},
  year={2017}
}

@article{whalen2015natural,
  title={Natural Language Processing, Article Content \& Bibliometrics: Predicting High Impact Science},
  author={Whalen, Ryan and Huang, Y and Sawant, A and Uzzi, B and Contractor, Noshir},
  journal={ASCW},
  volume={15},
  pages={6--8},
  year={2015}
}

@article{buttliere2015identifying,
  title={Identifying high impact scientific work using natural language processing and psychology},
  author={Buttliere, Brett},
  journal={Quantifying and Analyzing Scholarly Communication on the Web (ASCW’15},
  pages={1--4},
  year={2015}
}

@article{acuna2012future,
  title={Future impact: Predicting scientific success},
  author={Acuna, Daniel E and Allesina, Stefano and Kording, Konrad P},
  journal={Nature},
  volume={489},
  number={7415},
  pages={201--202},
  year={2012},
  publisher={Nature Research}
}

@article{sinatra2016quantifying,
  title={Quantifying the evolution of individual scientific impact},
  author={Sinatra, Roberta and Wang, Dashun and Deville, Pierre and Song, Chaoming and Barab{\'a}si, Albert-L{\'a}szl{\'o}},
  journal={Science},
  volume={354},
  number={6312},
  pages={aaf5239},
  year={2016},
  publisher={American Association for the Advancement of Science}
}

@article{clauset2017data,
  title={Data-driven predictions in the science of science},
  author={Clauset, Aaron and Larremore, Daniel B and Sinatra, Roberta},
  journal={Science},
  volume={355},
  number={6324},
  pages={477--480},
  year={2017},
  publisher={American Association for the Advancement of Science}
}

@article{chang2015evolution,
  title={Evolution of research subjects in library and information science based on keyword, bibliographical coupling, and co-citation analyses},
  author={Chang, Yu-Wei and Huang, Mu-Hsuan and Lin, Chiao-Wen},
  journal={Scientometrics},
  volume={105},
  number={3},
  pages={2071--2087},
  year={2015},
  publisher={Springer}
}

@article{de2015growth,
  title={Growth trend of scientific literature on genetic improvement through the database Scopus},
  author={de Ara{\'u}jo Nascimento, Felipe and Rodrigues, Fl{\'a}via Melo},
  journal={Scientometrics},
  volume={105},
  number={2},
  pages={805--816},
  year={2015},
  publisher={Springer}
}

@article{carneiro2008trends,
  title={Trends in the scientific literature on phytoplankton},
  author={Carneiro, Fernanda Melo and Nabout, Joao Carlos and Bini, Luis Mauricio},
  journal={Limnology},
  volume={9},
  number={2},
  pages={153--158},
  year={2008},
  publisher={Springer}
}

@article{robins1999empirical,
  title={An empirical analysis of trends in psychology.},
  author={Robins, Richard W and Gosling, Samuel D and Craik, Kenneth H},
  journal={American Psychologist},
  volume={54},
  number={2},
  pages={117},
  year={1999},
  publisher={American Psychological Association}
}

@article{evans2011metaknowledge,
  title={Metaknowledge},
  author={Evans, James A and Foster, Jacob G},
  journal={Science},
  volume={331},
  number={6018},
  pages={721--725},
  year={2011},
  publisher={American Association for the Advancement of Science}
}


@article{hopkins2010method,
  title={A method of automated nonparametric content analysis for social science},
  author={Hopkins, Daniel J and King, Gary},
  journal={American Journal of Political Science},
  volume={54},
  number={1},
  pages={229--247},
  year={2010},
  publisher={Wiley Online Library}
}

@article{stirling2007general,
  title={A general framework for analysing diversity in science, technology and society},
  author={Stirling, Andy},
  journal={Journal of the Royal Society Interface},
  volume={4},
  number={15},
  pages={707--719},
  year={2007},
  publisher={The Royal Society}
}
@book{shulman2013brain,
  title={Brain imaging: What it can (and cannot) tell us about consciousness},
  author={Shulman, Robert G},
  year={2013},
  publisher={Oxford University Press}
}

@book{wickens2014history,
  title={A history of the brain: from stone age surgery to modern neuroscience},
  author={Wickens, Andrew P},
  year={2014},
  publisher={Psychology Press}
}

@article{schultz1998predictive,
  title={Predictive reward signal of dopamine neurons},
  author={Schultz, Wolfram},
  journal={Journal of neurophysiology},
  volume={80},
  number={1},
  pages={1--27},
  year={1998},
  publisher={Am Physiological Soc}
}

@article{porter2009interdisciplinary,
  title={How interdisciplinary is nanotechnology?},
  author={Porter, Alan L and Youtie, Jan},
  journal={Journal of nanoparticle research},
  volume={11},
  number={5},
  pages={1023--1041},
  year={2009},
  publisher={Springer}
}

@article{bala2010mapping,
  title={Mapping of Indian neuroscience research: A scientometric analysis of research output during 1999-2008},
  author={Bala, Adarsh and Gupta, BM and others},
  journal={Neurology India},
  volume={58},
  number={1},
  pages={35},
  year={2010},
  publisher={Medknow}
}

@article{glanzel2003decline,
  title={The decline of Swedish neuroscience: Decomposing a bibliometric national science indicator},
  author={Gl{\"a}nzel, Wolfgang and Danell, Rickard and Persson, Olle},
  journal={Scientometrics},
  volume={57},
  number={2},
  pages={197--213},
  year={2003},
  publisher={Akad{\'e}miai Kiad{\'o}, co-published with Springer Science+ Business Media BV, Formerly Kluwer Academic Publishers BV}
}

@incollection{persson2004decomposing,
  title={Decomposing national trends in activity and impact},
  author={Persson, Olle and Danell, Rickard},
  booktitle={Handbook of quantitative science and technology research},
  pages={515--528},
  year={2004},
  publisher={Springer}
}


@article{porter2009science,
  title={Is science becoming more interdisciplinary? Measuring and mapping six research fields over time},
  author={Porter, Alan and Rafols, Ismael},
  journal={Scientometrics},
  volume={81},
  number={3},
  pages={719--745},
  year={2009},
  publisher={Akad{\'e}miai Kiad{\'o}, co-published with Springer Science+ Business Media BV, Formerly Kluwer Academic Publishers BV}
}

@article{herrera2010mapping,
  title={Mapping the evolution of scientific fields},
  author={Herrera, Mark and Roberts, David C and Gulbahce, Natali},
  journal={PloS one},
  volume={5},
  number={5},
  pages={e10355},
  year={2010},
  publisher={Public Library of Science}
}


@article{bruer2010can,
  title={Can we talk? How the cognitive neuroscience of attention emerged from neurobiology and psychology, 1980--2005},
  author={Bruer, John T},
  journal={Scientometrics},
  volume={83},
  number={3},
  pages={751--764},
  year={2010},
  publisher={Springer}
}


@article{krakauer2017neuroscience,
  title={Neuroscience needs behavior: correcting a reductionist Bias},
  author={Krakauer, John W and Ghazanfar, Asif A and Gomez-Marin, Alex and MacIver, Malcolm A and Poeppel, David},
  journal={Neuron},
  volume={93},
  number={3},
  pages={480--490},
  year={2017},
  publisher={Elsevier}
}


@article{kuhn2014inheritance,
  title={Inheritance patterns in citation networks reveal scientific memes},
  author={Kuhn, Tobias and Perc, Matja{\v{z}} and Helbing, Dirk},
  journal={Physical Review X},
  volume={4},
  number={4},
  pages={041036},
  year={2014},
  publisher={APS}
}



@article{chavalarias2010science,
  title={Science mapping analysis characterizes 235 biases in biomedical research},
  author={Chavalarias, David and Ioannidis, John PA},
  journal={Journal of clinical epidemiology},
  volume={63},
  number={11},
  pages={1205--1215},
  year={2010},
  publisher={Elsevier}
}


@article{chavalarias2013phylomemetic,
  title={Phylomemetic patterns in science evolution—the rise and fall of scientific fields},
  author={Chavalarias, David and Cointet, Jean-Philippe},
  journal={PloS one},
  volume={8},
  number={2},
  pages={e54847},
  year={2013},
  publisher={Public Library of Science}
}


@article{xu2003neuroscience,
  title={Neuroscience output of China: A MEDLINE-based bibliometric study},
  author={Xu, Wei and Chen, Yi-Zhang and Shen, Zhi-Chao},
  journal={Scientometrics},
  volume={57},
  number={3},
  pages={399--409},
  year={2003},
  publisher={Akad{\'e}miai Kiad{\'o}, co-published with Springer Science+ Business Media BV, Formerly Kluwer Academic Publishers BV}
}

@misc{manning2009introduction,
  title={Introduction to information retrieval/Christopher D},
  author={Manning, Christopher and Raghavan, Prabhakar and Sch{\"u}tze, Hinrich},
  year={2009},
  publisher={Cambridge University Press, Cambridge, England}
}


@article{schwarz1978estimating,
  title={Estimating the dimension of a model},
  author={Schwarz, Gideon and others},
  journal={The annals of statistics},
  volume={6},
  number={2},
  pages={461--464},
  year={1978},
  publisher={Institute of Mathematical Statistics}
}

@article{robert2010evolution,
  title={Evolution of the scientific literature on pain from 1976 to 2007},
  author={Robert, Claude and Wilson, Concepci{\'o}n S and Donnadieu, St{\'e}phane and Gaudy, Jean-Fran{\c{c}}ois and Arreto, Charles-Daniel},
  journal={Pain Medicine},
  volume={11},
  number={5},
  pages={670--684},
  year={2010},
  publisher={Blackwell Publishing Inc Malden, USA}
}


@article{yeung2017changing,
  title={The Changing Landscape of Neuroscience Research, 2006--2015: A Bibliometric Study},
  author={Yeung, Andy Wai Kan and Goto, Tazuko K and Leung, W Keung},
  journal={Frontiers in neuroscience},
  volume={11},
  year={2017},
  publisher={Frontiers Media SA}
}


@article{yeung2017leading,
  title={At the leading front of neuroscience: a bibliometric study of the 100 most-cited articles},
  author={Yeung, Andy WK and Goto, Tazuko K and Leung, W Keung},
  journal={Frontiers in human neuroscience},
  volume={11},
  pages={363},
  year={2017},
  publisher={Frontiers}
}


@article{david2012neurotree,
  title={Neurotree: A collaborative, graphical database of the academic genealogy of neuroscience},
  author={David, Stephen V and Hayden, Benjamin Y},
  journal={PloS one},
  volume={7},
  number={10},
  pages={e46608},
  year={2012},
  publisher={Public Library of Science}
}


@article{li2008bibliometric,
  title={Bibliometric analysis on global Parkinson's disease research trends during 1991--2006},
  author={Li, Tao and Ho, Yuh-Shan and Li, Cheng-Yan},
  journal={Neuroscience letters},
  volume={441},
  number={3},
  pages={248--252},
  year={2008},
  publisher={Elsevier}
}


@article{yeung2017bibliometric,
  title={A bibliometric review of research trends in neuroimaging.},
  author={Yeung, Andy Wai Kan and Goto, Tazuko K and Leung, W Keung},
  journal={Current Science (00113891)},
  volume={112},
  number={4},
  year={2017}
}


@article{bishop2010neurodevelopmental,
  title={Which neurodevelopmental disorders get researched and why?},
  author={Bishop, Dorothy VM},
  journal={PLoS One},
  volume={5},
  number={11},
  pages={e15112},
  year={2010},
  publisher={Public Library of Science}
}


@article{doudna2014new,
  title={The new frontier of genome engineering with CRISPR-Cas9},
  author={Doudna, Jennifer A and Charpentier, Emmanuelle},
  journal={Science},
  volume={346},
  number={6213},
  pages={1258096},
  year={2014},
  publisher={American Association for the Advancement of Science}
}

@article{deisseroth2011optogenetics,
  title={Optogenetics},
  author={Deisseroth, Karl},
  journal={Nature methods},
  volume={8},
  number={1},
  pages={26--29},
  year={2011},
  publisher={Nature Research}
}

@article{fortunato2018science,
  title={Science of science},
  author={Fortunato, Santo and Bergstrom, Carl T and B{\"o}rner, Katy and Evans, James A and Helbing, Dirk and Milojevi{\'c}, Sta{\v{s}}a and Petersen, Alexander M and Radicchi, Filippo and Sinatra, Roberta and Uzzi, Brian and others},
  journal={Science},
  volume={359},
  number={6379},
  pages={eaao0185},
  year={2018},
  publisher={American Association for the Advancement of Science}
}


@article{yin2001estimating,
  title={Estimating R 2 shrinkage in multiple regression: a comparison of different analytical methods},
  author={Yin, Ping and Fan, Xitao},
  journal={The Journal of Experimental Education},
  volume={69},
  number={2},
  pages={203--224},
  year={2001},
  publisher={Taylor \& Francis}
}
